<?xml version="1.0" encoding="UTF-8"?><collection xmlns="http://www.loc.gov/MARC21/slim"><record><leader>00512nam--2200193-u-4500</leader><controlfield tag="001">000053973</controlfield><controlfield tag="002">20161230</controlfield><controlfield tag="005">20161230201051</controlfield><controlfield tag="008">110727s1000------------r-----000-0-rus-d</controlfield><datafield ind1=" " ind2=" " tag="040"><subfield code="a">IFIN-HH</subfield></datafield><datafield ind1=" " ind2=" " tag="041"><subfield code="a">rus</subfield></datafield><datafield ind1=" " ind2=" " tag="080"><subfield code="a">537.222.22:621.315.592:541.148</subfield></datafield><datafield ind1="1" ind2=" " tag="100"><subfield code="a">Gurevici, Iu.Ia</subfield></datafield><datafield ind1="1" ind2="0" tag="245"><subfield code="a">Fotoelektrohimia poluprovodnikov</subfield><subfield code="c">Iu.ia. gurevici, iu.v. pleskov</subfield></datafield><datafield ind1=" " ind2=" " tag="260"><subfield code="a">Moskva</subfield><subfield code="b">Nauka</subfield><subfield code="c">1983</subfield></datafield><datafield ind1=" " ind2=" " tag="300"><subfield code="a">312P</subfield></datafield><datafield ind1="1" ind2=" " tag="700"><subfield code="a">Pleskov, Iu.V</subfield></datafield><datafield ind1=" " ind2=" " tag="852"><subfield code="a">71498</subfield><subfield code="c">537.311.33</subfield></datafield><datafield ind1=" " ind2=" " tag="CAT"><subfield code="a">Sys</subfield><subfield code="c">20110727</subfield><subfield code="h">133542</subfield></datafield></record></collection>